<?xml version="1.0" encoding="UTF-8"?><collection xmlns="http://www.loc.gov/MARC21/slim"><record><leader>00477nam--2200145-i-4500</leader><controlfield tag="001">000042408</controlfield><controlfield tag="002">20161230</controlfield><controlfield tag="005">20161230201043</controlfield><controlfield tag="008">060222s1000------------r-----000-0-eng-d</controlfield><datafield ind1=" " ind2=" " tag="080"><subfield code="a">539.125.523.348:621.039.51</subfield></datafield><datafield ind1=" " ind2=" " tag="100"><subfield code="a">Sp Anier,Jerome And Gelbard,Ely M</subfield></datafield><datafield ind1=" " ind2=" " tag="245"><subfield code="a">Monte carlo principles and neutron transport problems</subfield></datafield><datafield ind1=" " ind2=" " tag="260"><subfield code="a">Reading/Mass.,Addison-wesley Publ.Co.,1969. Xiv + 234 P</subfield></datafield><datafield ind1=" " ind2=" " tag="490"><subfield code="a">Addison-wesley Series In Computer Sc.And Inf.Processing</subfield></datafield><datafield ind1=" " ind2=" " tag="852"><subfield code="a">9707</subfield></datafield></record></collection>